
@article{comparativeUnsupervisedEvaluation,
 author = "Markus Goldstein and Seiichi Uchida",
 title = "A Comparative Evaluation of Unsupervised Anomaly Detection Algorithms for Multivariate Data",
 journal = "PLoS ONE 11(4):e0152173.doi:10.1371/journal.pone.0152173",
 year = "2016",
}

@article{kpis,
 author = "Dragana Velimirovića and Milan Velimirović and Rade Stanković",
 title = "ROLE AND IMPORTANCE OF KEY PERFORMANCE INDICATORS MEASUREMENT",
 journal = "Serbian Journal of Management",
 year = "2010",
}


@article{deepLearningSurvey,
 author = "Raghavendra Chalapathy and Sanjay Chawla",
 title = "DEEP LEARNING FOR ANOMALY DETECTION: A SURVEY",
 journal = "arXiv:1901.03407v2",
 year = "2019",
}

@article{deepMultivariateNetwork,
 author = "Chuxu Zhang and Dongjin Song and Yuncong Chen† and Xinyang Feng and Cristian Lumezanu and Wei Cheng and Jingchao Ni and Bo Zong and Haifeng Chen and Nitesh V. Chawla",
 title = "A Deep Neural Network for Unsupervised Anomaly Detection and Diagnosis in Multivariate Time Series Data",
 journal = "arXiv:1811.08055v1",
 year = "2018",
}

@article{lstmEncoderDecorder,
  author = "Pankaj Malhotra and Anusha Ramakrishnan and Gaurangi An and and Lovekesh Vig and Puneet Agarwal and Gautam Shroff",
  title = "{LSTM}-based Encoder-Decoder for Multi-sensor Anomaly Detection",
  journal = "arXiv:1607.00148v2",
  year = "2016",
}

@article{lstmTimeSeriesAnomalyDetection,
  author = "Pankaj Malhotra and Lovekesh Vig and Gautam Shroff and Puneet Agarwal",
  title = "Long Short Term Memory Networks for Anomaly Detection in Time Series",
  journal = "ESANN 2015 proceedings, European Symposium on Artificial Neural Networks, Computational Intelligence and Machine Learning",
  year = "2015",
}

@article{ADSaS,
  author = "Sooyeon Lee and Huy Kang Kim",
  title = "{ADSaS}: Comprehensive Real-time Anomaly Detection System",
  journal = "arXiv:1811.12634v1",
  year = "2018",
}

@article{DAGMM,
  author = "Bo Zong and Qi Song and Martin Renqiang Min and Wei Cheng and Cristian Lumezanu and Daeki Cho and Haifeng Chen",
  title = "DEEP AUTOENCODING GAUSSIAN MIXTURE MODEL FOR UNSUPERVISED ANOMALY DETECTION",
  journal = "ICLR",
  year = "2018",
}

@article{MicrosoftTimeSeries,
  author = "Hansheng Ren and Bixiong Xu and Yujing Wang and Chao Yi and Congrui Huang and Xiaoyu Kou and Tony Xing and Mao Yang and Jie Tong and Qi Zhang",
  title = {Time-Series Anomaly Detection Service at {Microsoft}},
  journal = "arXiv:1906.03821v1",
  year = "2019",
}

@book{outlierAnalysisBook,
  author = "Charu C. Aggarwal",
  title = "Outlier Analysis",
  year = "2016",
  isbn = "978-1461463955",
}


% DATASET REFERENCES
@misc{NAB,
  title = {Numenta Anomaly Benchmark ({NAB})},
  howpublished = {\url{https://github.com/numenta/NAB}},
  author = "Numenta",
}
@misc{NASAShuttleValve,
  title = {{NASA} Shuttle Valve Data},
  howpublished = {\url{https://cs.fit.edu/~pkc/nasa/data/}},
  author = "{Florida Institite of Technology}",
}
@misc{NYCTaxiCount,
  title = {{TLC} Trip Record Data},
  howpublished = {\url{https://www1.nyc.gov/site/tlc/about/tlc-trip-record-data.page}},
  author = {{NYC Taxi and Limousine Commission}},
}
@misc{ODDS,
  title = {Outlier Detection DataSets ({ODDS})},
  howpublished = {\url{http://odds.cs.stonybrook.edu/}},
  author = {{ODDS}},
  institution = {{Stony Brook University}},
}
@misc{YahooLabs,
  howpublished = {\url{https://yahooresearch.tumblr.com/post/114590420346/a-benchmark-dataset-for-time-series-anomaly}},
  title = {A Benchmark Dataset for Time Series Anomaly Detection},
  author = {Yahoo},
}
@misc{UCIRepository,
  title = {UC Irvine Machine Learning Repository},
  howpublished = {\url{https://archive.ics.uci.edu/ml/index.php}},
  author = "{UC Irvine}"
}
@misc{ALOI,
  title = {Amsterdam Library of Object Images ({ALOI)}},
  howpublished = {\url{http://aloi.science.uva.nl/}},
  author = {{Universiteit van Amsterdam} {UVA}}
}
@misc{NOAA,
  title = "Marine/Ocean Data",
  howpublished = {\url{https://www.ncdc.noaa.gov/data-access/marineocean-data}},
  author = "{NOAA}",
}
@misc{CreditCardFraudData,
  title = "Credit Card Fraud dataset",
  howpublished = {\url{http://www.ulb.ac.be/di/map/adalpozz/data/creditcard.Rdata}},
  author = "Andrea Dal Pozzolo",
  institution = "Universite Libre de Bruxelles",
}
@misc{SingaporeSWAT,
  title = "Secure Water Treatment ({SWAT})",
  howpublished = {\url{https://itrust.sutd.edu.sg/testbeds/secure-water-treatment-swat/}},
  author = {{Singapore University of Technology and Design (SUTD)}},
}
@misc{SingaporeWADI,
  title = "Water Distribution ({WADI})",
  howpublished = {\url{https://itrust.sutd.edu.sg/testbeds/water-distribution-wadi/}},
  author = {{Singapore University of Technology and Design (SUTD)}},
}
@misc{AIOPSKPI,
  title = "{KPI} anomaly detection",
  howpublished = {\url{http://iops.ai/competition_detail/?competition_id=5&flag=1}},
  author = "{AIOps Challenge}",
}
