%% dissertation.bib
%% Patrick Menlove
%% 2019-2020

@article{deepMultivariateNetwork,
   title={A Deep Neural Network for Unsupervised Anomaly Detection and Diagnosis in Multivariate Time Series Data},
   volume={33},
   ISSN={2159-5399},
   url={http://dx.doi.org/10.1609/aaai.v33i01.33011409},
   DOI={10.1609/aaai.v33i01.33011409},
   journal={Proceedings of the AAAI Conference on Artificial Intelligence},
   publisher={Association for the Advancement of Artificial Intelligence (AAAI)},
   author={Zhang, Chuxu and Song, Dongjin and Chen, Yuncong and Feng, Xinyang and Lumezanu, Cristian and Cheng, Wei and Ni, Jingchao and Zong, Bo and Chen, Haifeng and Chawla, Nitesh V.},
   year={2019},
   month={Jul},
   pages={1409-1416}
}

@article{comparativeUnsupervisedEvaluation,
    author = {Goldstein, Markus AND Uchida, Seiichi},
    journal = {PLOS ONE},
    publisher = {Public Library of Science},
    title = {{A Comparative Evaluation of Unsupervised Anomaly Detection Algorithms for Multivariate Data}},
    year = {2016},
    month = {04},
    volume = {11},
    url = {https://doi.org/10.1371/journal.pone.0152173},
    pages = {1-31},
    number = {4},
    doi = {10.1371/journal.pone.0152173}
}

@misc{oneClassNeuralNetwork,
    title={Anomaly Detection using One-Class Neural Networks},
    author={Raghavendra Chalapathy and Aditya Krishna Menon and Sanjay Chawla},
    year={2018},
    eprint={1802.06360},
    archivePrefix={arXiv},
    primaryClass={cs.LG}
}

@misc{deepLearningSurvey,
    title={{Deep Learning for Anomaly Detection: A Survey}},
    author={Raghavendra Chalapathy and Sanjay Chawla},
    year={2019},
    eprint={1901.03407},
    archivePrefix={arXiv},
    primaryClass={cs.LG},
    note="arXiv: 1901.03407",
    url={https://arxiv.org/abs/1901.03407}
}

@inproceedings{DAGMM,
  title={Deep Autoencoding Gaussian Mixture Model for Unsupervised Anomaly Detection},
  author={Bo Zong and Qi Song and Martin Renqiang Min and Wei Cheng and Cristian Lumezanu and Dae-ki Cho and Haifeng Chen},
  booktitle={ICLR},
  year={2018}
}

@inproceedings{lstmTimeSeriesAnomalyDetection,
author = {Malhotra, Pankaj and Vig, Lovekesh and Shroff, Gautam and Agarwal, Puneet},
year = {2015},
month = {04},
title = {Long Short Term Memory Networks for Anomaly Detection in Time Series},
booktitle = {ESANN 2015 proceedings, European Symposium on Artificial Neural Networks, Computational  Intelligence and Machine Learning},
venue = {Bruges, Belgium},
url = {https://www.elen.ucl.ac.be/Proceedings/esann/esannpdf/es2015-56}
}

@inproceedings{lstmEncoderDecorder,
    title={ {LSTM}-based Encoder-Decoder for Multi-sensor Anomaly Detection},
    author={Pankaj Malhotra and Anusha Ramakrishnan and Gaurangi Anand and Lovekesh Vig and Puneet Agarwal and Gautam Shroff},
    year={2016},
    eprint={1607.00148},
    archivePrefix={arXiv},
    primaryClass={cs.AI},
    booktitle={ICML 2016 Anomaly Detection Workshop},
    venue={New York, USA},
    url={https://arxiv.org/abs/1607.00148}
}

@book{timeSeriesAnalysisBook,
	title={Time series analysis},
	publisher={Princeton University.},
	author={Hamilton, J. D.},
	year="1994",
	isbn={0-691-04289-6}
}

@article{fMeasureTruth,
author = {Sasaki, Yutaka},
year = {2007},
month = {01},
pages = {},
title = {The truth of the F-measure},
url = {https://www.cs.odu.edu/~mukka/cs795sum09dm/Lecturenotes/Day3/F-measure-YS-26Oct07.pdf}
}

@article{MicrosoftTimeSeries,
   title={Time-Series Anomaly Detection Service at {Microsoft} },
   ISBN={9781450362016},
   url={http://dx.doi.org/10.1145/3292500.3330680},
   DOI={10.1145/3292500.3330680},
   journal={Proceedings of the 25th ACM SIGKDD International Conference on Knowledge Discovery \& Data Mining  - KDD  â€™19},
   publisher={ACM Press},
   author={Ren, Hansheng and Zhang, Qi and Xu, Bixiong and Wang, Yujing and Yi, Chao and Huang, Congrui and Kou, Xiaoyu and Xing, Tony and Yang, Mao and Tong, Jie},
   year={2019}
}

@article{ADSaS,
   title={ {ADSaS}: Comprehensive Real-Time Anomaly Detection System},
   ISBN={9783030179823},
   ISSN={1611-3349},
   url={http://dx.doi.org/10.1007/978-3-030-17982-3_3},
   DOI={10.1007/978-3-030-17982-3_3},
   journal={Lecture Notes in Computer Science},
   publisher={Springer International Publishing},
   author={Lee, Sooyeon and Kim, Huy Kang},
   year={2019},
   pages={29-41}
}

@book{outlierAnalysisBook,
  doi = {10.1007/978-3-319-47578-3},
  url = {https://doi.org/10.1007/978-3-319-47578-3},
  year = {2017},
  publisher = {Springer International Publishing},
  author = {Charu C. Aggarwal},
  title = {Outlier Analysis}
}

@article{LSTMHochreiter,
  doi = {10.1162/neco.1997.9.8.1735},
  url = {https://doi.org/10.1162/neco.1997.9.8.1735},
  year = {1997},
  month = nov,
  publisher = {{MIT} Press - Journals},
  volume = {9},
  number = {8},
  pages = {1735--1780},
  author = {Sepp Hochreiter and J\"{u}rgen Schmidhuber},
  title = {Long Short-Term Memory},
  journal = {Neural Computation}
}

% DATASET REFERENCES
@misc{NAB,
  title = {Numenta Anomaly Benchmark ({NAB})},
  howpublished = {\url{https://github.com/numenta/NAB}},
  author = "Numenta",
}
@misc{YahooLabs,
  howpublished = {\url{https://yahooresearch.tumblr.com/post/114590420346/a-benchmark-dataset-for-time-series-anomaly}},
  title = {A Benchmark Dataset for Time Series Anomaly Detection},
  author = {Yahoo},
}
@misc{UCIRepository,
  title = {{UC Irvine Machine Learning Repository}},
  howpublished = {\url{https://archive.ics.uci.edu/ml/index.php}},
  author = "{UC Irvine}"
}

